<record><leader>00000cas a22000007a 4500</leader><controlfield tag="001">36317025</controlfield><controlfield tag="008">970204d189u190uokuwr n       0    0eng d</controlfield><datafield ind1=" " ind2=" " tag="010"><subfield code="a">sn 97064770 </subfield></datafield><datafield ind1=" " ind2=" " tag="040"><subfield code="a">OBN</subfield><subfield code="b">eng</subfield><subfield code="c">OBN</subfield><subfield code="d">OCLCQ</subfield><subfield code="d">OCLCO</subfield></datafield><datafield ind1="1" ind2=" " tag="029"><subfield code="a">AU@</subfield><subfield code="b">000013092807</subfield></datafield><datafield ind1=" " ind2=" " tag="042"><subfield code="a">msc</subfield></datafield><datafield ind1=" " ind2=" " tag="043"><subfield code="a">n-us-ok</subfield></datafield><datafield ind1="0" ind2="4" tag="245"><subfield code="a">The Weekly bell.</subfield></datafield><datafield ind1=" " ind2=" " tag="260"><subfield code="a">El Reno, O.T. [Okla.] :</subfield><subfield code="b">E.J. Simpson</subfield></datafield><datafield ind1=" " ind2=" " tag="300"><subfield code="a">v.</subfield></datafield><datafield ind1=" " ind2=" " tag="310"><subfield code="a">Weekly</subfield></datafield><datafield ind1=" " ind2=" " tag="588"><subfield code="a">Description based on: Vol. 7, no. 30 (Jan. 17, 1901).</subfield></datafield><datafield ind1=" " ind2="0" tag="651"><subfield code="a">El Reno (Okla.)</subfield><subfield code="v">Newspapers.</subfield></datafield><datafield ind1=" " ind2="0" tag="651"><subfield code="a">Canadian County (Okla.)</subfield><subfield code="v">Newspapers.</subfield></datafield><datafield ind1=" " ind2="0" tag="651"><subfield code="a">Oklahoma Territory (Okla.)</subfield><subfield code="v">Newspapers.</subfield></datafield><datafield ind1=" " ind2=" " tag="752"><subfield code="a">United States</subfield><subfield code="b">Oklahoma</subfield><subfield code="c">Canadian</subfield><subfield code="d">El Reno.</subfield></datafield><datafield ind1="0" ind2=" " tag="775"><subfield code="t">Reno supper bell</subfield><subfield code="w">(DLC)sn 97064757</subfield><subfield code="w">(OCoLC)36306092</subfield></datafield></record>